@book{book_key,
	address = {City},
	publisher = {Publisher},
	author = {Smith, John},
	title = {Book title},
	year = {2012},
	volume = {3},
	series = {2},
	edition = {1},
	pages = {123--200},
	month = {January}
}

@article{article_key,
	address = {City},
	publisher = {Publisher},
	author = {Smith, James},
	title = {Article title},
	year = {2013},
	volume = {14},
	number = {6},
	pages = {1--8},
	month = {March}
}

@online{Greenlab,
	author = {University California},
	title = {Greenlab},
	url = {http://sustainability.ucr.edu/certification/greenlab.html},
	urldate = {2017-05-11}
}

@online{WWF,
	author = {WWF International},
	title = {Pulp and paper},
	url = {http://wwf.panda.org/about_our_earth/deforestation/forest_sector_transformation/pulp_and_paper/},
	urldate = {2017-05-18}
}

@online{WWFSciencealert,
	author = {Science alert, JESSICA HUPP},
	title = {Working green: 50 tips to reduce your office's waste},
	url = {https://www.sciencealert.com/working-green-50-tips-to-reduce-your-offices-waste},
	urldate = {2017-05-18}
}

@online{Paper,
	author = {Umweltbundesamt},
	title = {Working green: 50 tips to reduce your office's waste},
	url={http://www.umweltbundesamt.de/papier-druckerzeugnisse#textpart-2},
	urldate = {2017-05-18}
}

@online{bmub_Emission_Trading,
	author = {Federal Ministry for the Environment, Nature Conservation, Building and Nuclear Safety},
	title = {Emission Trading},
	url = {http://www.bmub.bund.de/en/topics/climate-energy/emissions-trading/general-information/},
	urldate = {2017-05-10}
}

@online{climakind,
	author = {Climakind organization},
	title = {What is Climakind},
	url = {http://climakind.com/c/2-What-is-Climakind.aspx},
	urldate = {2017-05-10}
}

@article{flight_calc,
	publisher = {atmosfair},
	title = {The Atmosfair Emissions calculator},
	year = {2008}
}

@online{unfccc,
	author = {United Nations - Framework Convention on Climate Change},
	title = {The Mechanisms under the Kyoto Protocol: Clean development mechanism, joint implementation and emissions trading},
	url = {http://unfccc.int/kyoto_protocol/mechanisms/items/1673.php},
	urldate = {2017-05-16}
}

@online{climakind_2,
	author = {Climakind organization},
	title = {How Climakind works},
	url = {http://climakind.com/c/2-About.aspx},
	urldate = {2017-05-16}
}

@online{fairtrade,
	author = {Fairtrade international},
	title = {Fairtrade Climate Standard},
	url = {https://www.fairtrade.net/standards/our-standards/climate-standard.html},
	urldate = {2017-05-22}
}

@online{food,
	author = {Bayrisches Staatsministerium für Ernährung, Landwirtschaft und Forsten},
	title = {Nachhaltige Ernährung},
	url={http://www.stmelf.bayern.de/ernaehrung/007946/index.php},
	urldate = {2017-05-22}
}

@online{bike,
	author = {Umweltbundesamt für Verkehr},
	title = {Radverkehr},
	url={http://www.umweltbundesamt.de/themen/verkehr-laerm/nachhaltige-mobilitaet/radverkehr#textpart-1},
	urldate = {2017-05-23}
}

@online{organic,
	author = {Umwelt Bundesamt},
	title = {Organic Farming},
	url ={http://www.umweltbundesamt.de/en/topics/soil-agriculture/toward-ecofriendly-farming/organic-farming},
	urldate = {2017-05-22}
}

@online{livestock,
	author = {Food and Agriculture Organization of the United Nations},
	title = {By the numbers: GHG emissions by livestock},
	url = {http://www.fao.org/news/story/en/item/197623/icode/},
	urldate = {2017-05-22}
}

@online{animalGHG,
	author = {Environmental Working Group},
	title = {Meat Eaters Guide},
	url = {http://www.ewg.org/meateatersguide/a-meat-eaters-guide-to-climate-change-health-what-you-eat-matters/climate-and-environmental-impacts/},
	urldate = {2017-05-22}
}

@online{energy,
	author = {World Nuclear Association},
	title = {Comparison of Lifecycle Greenhouse Gas Emissions of Various Electricity Generation Sources},
	url = {http://www.world-nuclear.org/uploadedFiles/org/WNA/Publications/Working_Group_Reports/comparison_of_lifecycle.pdf},
	urldate = {2017-05-23}
}

@misc{meeting,
	title        = {Leitfaden für die nachhaltige Organisation von Veranstaltungen},
	version      = {3},
	organization = {Bundesministerium für Umwelt, Naturschutz, Bau und Reaktorsicherheit (BMUB)},
	url          = {http://www.umweltbundesamt.de/publikationen/ratgeber-leitfaden-fuer-die-nachhaltige},
	date         = {2017-05-24}
}

@online{GreenHarvard,
	author = {Harvard University},
	title = {Green Labs},
	url={https://green.harvard.edu/programs/green-labs},
	urldate = {2017-05-23}
}

@online{copenhagen,
	author = {United Nations. Framework Convention on Climate Change},
	title = {Copenhagen Climate Change Conference - December 2009},
	url={http://unfccc.int/meetings/copenhagen_dec_2009/meeting/6295.php},
	urldate = {2017-06-15}
}

@online{sandbag,
	author = {Sandbag},
	title = {Cancel Pollution Permits},
	url = {https://sandbag.org.uk/carbon-destruction-service/},
	urldate = {2017-06-15}
}

@online{plasticbags,
	author = {The Environmental Magazine},
	title = {Plastic Grocery Bags: How Long Until They Decompose?},
	url = {http://business-ethics.com/2010/09/17/4918-plastic-grocery-bags-how-long-until-they-decompose/},
	urldate = {2017-06-28}
}

@online{Nottingham_sash,
	author = {The University of Edinburgh},
	title = {Be Sustainable case study. Ventilation best practice},
	url = {http://www.ed.ac.uk/files/atoms/files/lab_case_study_-_ventilation_best_practice.pdf},
	urldate = {2017-10-29}
}

@online{RT_storage,
author = {Laboratories of the 21st century, Allen Doyle},
title = {Room Temperature Storage of Biological Samples},
url = {http://www.i2sl.org/documents/toolkit/bulletin_rtss_508.pdf},
urldate = {2017-10-29}
}

@online{stanford,
author = {Susam Vargas, Fahmida Ahmed (Stanford University)},
title = {Fact Sheet: Room Temperature Biological Sample Storage},
url = {http://sustainable.stanford.edu/sites/sustainable.stanford.edu/files/documents/FactSheet_SampleStorage.pdf},
urldate = {2017-10-29}
}

@online{Kirschner_1,
author = {Harvard University},
title = {Energy Reduction in Lab Equipment},
url = {https://green.harvard.edu/tools-resources/case-study/energy-reduction-lab-equipment},
urldate = {2017-10-29}
}

@online{Kirschner_2,
author = {Harvard University},
title = {Energy Reduction Potential in Lab Equipment. HARVARD GREEN LABS CASE STUDIES},
url = {https://green.harvard.edu/sites/green.harvard.edu/files/EnergyReductionPotential_KirschnerCaseStudy.pptx%20%28Read-Only%29.pdf},
urldate = {2017-10-29}
}

@online{IRIS,
author = {Open IRIS},
title = {Share, Discover and Collaborate for better Science},
url = {http://iris.science-it.ch/Landing},
urldate = {2017-10-29}
}

@article{green_analytics,
publisher = {Trends in Analytical chemistry},
author = {Gałuszka, A.},
title = {The 12 principles of green analytical chemistry and the SIGNIFICANCE mnemonic of green analytical practices},
year = {2013},
volume = {50},
pages = {78--84} }
}

@online{Harvard_sash,
	author = {Harvard University},
	title = {Validating Cost and Energy Savings from Harvard's SHUT THE SASH program},
	url = {https://green.harvard.edu/sites/green.harvard.edu/files/FumeHoodWhitePaper.pdf},
	urldate = {2017-10-29}
}